
@book{chou_elasticity:_1992,
	address = {New York},
	series = {Dover books on engineering},
	title = {Elasticity: tensor, dyadic, and engineering approaches},
	isbn = {978-0-486-66958-8},
	shorttitle = {Elasticity},
	publisher = {Dover Publications},
	author = {Chou, Pei Chi and Pagano, Nicholas J.},
	year = {1992},
	keywords = {Elasticity}
}

@book{dahlberg_failure_2002,
	address = {Lund},
	title = {Failure fracture fatigue: {An} introduction},
	isbn = {978-91-44-02096-9},
	shorttitle = {Failure fracture fatigue},
	language = {eng},
	publisher = {Studentlitteratur},
	editor = {Dahlberg, Tore and Ekberg, Anders},
	year = {2002},
	note = {OCLC: 934856068},
	file = {Dahlberg and Ekberg - 2002 - Failure fracture fatigue An introduction.pdf:C\:\\Users\\tynan\\Zotero\\storage\\R6KBYTIF\\Dahlberg and Ekberg - 2002 - Failure fracture fatigue An introduction.pdf:application/pdf}
}

@misc{noauthor_von_nodate,
	title = {Von {Mises} {Stress}},
	url = {http://www.continuummechanics.org/vonmisesstress.html},
	urldate = {2019-01-17},
	file = {Von Mises Stress:C\:\\Users\\tynan\\Zotero\\storage\\8N2WLXUB\\vonmisesstress.html:text/html}
}

@misc{noauthor_ssc_nodate,
	title = {{SSC} {Aluminum}: {Al} 6061-{T}0 alloy - {EVOCD}},
	url = {https://icme.hpc.msstate.edu/mediawiki/index.php/SSC_Aluminum:_Al_6061-T0_alloy},
	urldate = {2019-01-20},
	file = {SSC Aluminum\: Al 6061-T0 alloy - EVOCD:C\:\\Users\\tynan\\Zotero\\storage\\JC2AEVYX\\SSC_Aluminum_Al_6061-T0_alloy.html:text/html}
}